@MISC {84426,
    TITLE = {Ramanujan39;s Tau function, an arithmetic property},
    AUTHOR = {Alex (https://math.stackexchange.com/users/12133/alex)},
    HOWPUBLISHED = {Mathematics Stack Exchange},
    NOTE = {URL:https://math.stackexchange.com/q/84426 (version: 2011-11-22)},
    EPRINT = {https://math.stackexchange.com/q/84426},
    URL = {https://math.stackexchange.com/q/84426}
}
@article {MR21951,
    AUTHOR = {Bambah, R. P. and Chowla, S. and Gupta, H. and Lahiri, D. B.},
     TITLE = {Congruence properties of {R}amanujan's function {$\tau(n)$}},
   JOURNAL = {Quart. J. Math. Oxford Ser.},
  FJOURNAL = {The Quarterly Journal of Mathematics. Oxford Series},
    VOLUME = {18},
      YEAR = {1947},
     PAGES = {143--146},
      ISSN = {0033-5606,1464-3847},
   MRCLASS = {10.0X},
  MRNUMBER = {21951},
MRREVIEWER = {D.\ H.\ Lehmer},
       DOI = {10.1093/qmath/os-18.1.143},
       URL = {https://doi.org/10.1093/qmath/os-18.1.143},
}